
@article{andrews_estimating_2008,
	title = {Estimating the {SCAN}⁎{PRO} model of store sales: {HB}, {FM} or just {OLS}?},
	volume = {25},
	issn = {01678116},
	url = {https://linkinghub.elsevier.com/retrieve/pii/S0167811607000675},
	doi = {10.1016/j.ijresmar.2007.10.001},
	shorttitle = {Estimating the {SCAN}⁎{PRO} model of store sales},
	pages = {22--33},
	number = {1},
	journal = {International Journal of Research in Marketing},
	author = {Andrews, Rick L. and Currim, Imran S. and Leeflang, Peter and Lim, Jooseop},
	urldate = {2020-03-28},
	year = {2008},
	langid = {english}
}

@article{srinivasan_promotions_2004,
	title = {Do Promotions Benefit Manufacturers, Retailers, or Both?},
	volume = {50},
	issn = {0025-1909, 1526-5501},
	url = {http://pubsonline.informs.org/doi/abs/10.1287/mnsc.1040.0225},
	doi = {10.1287/mnsc.1040.0225},
	pages = {617--629},
	number = {5},
	journal = {Management Science},
	author = {Srinivasan, Shuba and Pauwels, Koen and Hanssens, Dominique M. and Dekimpe, Marnik G.},
	urldate = {2020-03-28},
	year = {2004},
	langid = {english},
	file = {Submitted Version:C\:\\Users\\westj\\Zotero\\storage\\LANXXH3J\\Srinivasan et al. - 2004 - Do Promotions Benefit Manufacturers, Retailers, or.pdf:application/pdf}
}

@online{chicago_booth_dominicks_2004,
	title = {Dominick's Dataset - Kilts Center {\textbar} Chicago Booth},
	url = {https://www.chicagobooth.edu/research/kilts/datasets/dominicks},
	author = {Chicago Booth},
	urldate = {2020-03-28},
	year = {2004}
}

@article{leeflang_how_2002,
	title = {How Promotions Work: {SCAN}*{PRO}-Based Evolutionary Model Building},
	issn = {1556-5068},
	url = {http://www.ssrn.com/abstract=321003},
	doi = {10.2139/ssrn.321003},
	shorttitle = {How Promotions Work},
	journal = {{SSRN} Journal},
	author = {Leeflang, Peter S.H. and van Heerde, Harald J. and Wittink, Dick R.},
	urldate = {2020-03-28},
	year = {2002},
	langid = {english},
	file = {Submitted Version:C\:\\Users\\westj\\Zotero\\storage\\PUSNUSWK\\Leeflang et al. - 2002 - How Promotions Work SCANPRO-Based Evolutionary M.pdf:application/pdf}
}

@incollection{wooldridge_multiple_2016,
	edition = {6th},
	title = {Multiple Regression Analysis: Further Issues},
	isbn = {978-1-305-27010-7},
	pages = {173},
	booktitle = {Introductry Econometrics A Modern Approach},
	publisher = {Cengage Learning},
	author = {Wooldridge, Jeffrey},
	year = {2016}
}

@article{wittink_estimation_1988,
	title = {The estimation, validation, and use of promotional effects based on scanner data, working paper},
	journal = {Johnson Graduate School of Management, Cornell University},
	author = {Wittink, Dick R. and Addona, M. J and Hawkes, W. J and Porter, J. C},
	year = {1988}
}
